<?xml version="1.0" encoding="UTF-8"?><collection xmlns="http://www.loc.gov/MARC21/slim"><record><leader>00715nam--2200181-i-4500</leader><controlfield tag="001">000011286</controlfield><controlfield tag="002">20161230</controlfield><controlfield tag="005">20161230201029</controlfield><controlfield tag="008">060222s1000------------r-----000-0-eng-d</controlfield><datafield ind1=" " ind2=" " tag="040"><subfield code="a">IFIN-HH</subfield></datafield><datafield ind1=" " ind2=" " tag="080"><subfield code="a">531(061.3)</subfield></datafield><datafield ind1="1" ind2=" " tag="100"><subfield code="a">Grover, L. Rogers</subfield></datafield><datafield ind1="1" ind2="0" tag="245"><subfield code="a">Developments in theoretical and applied mechanics</subfield><subfield code="b">Proceedings of the fifth southeastern conference on theoretical and applied mechanics, held in raleigh-durham, north carolina, april 16-17, 1970</subfield><subfield code="c">Rogers, Grover L. (Ed.)</subfield></datafield><datafield ind1=" " ind2=" " tag="260"><subfield code="a">North Carolina, The University Of North Carolina Press, 1971</subfield></datafield><datafield ind1=" " ind2=" " tag="300"><subfield code="a">XVIII+1028P</subfield></datafield><datafield ind1=" " ind2=" " tag="490"><subfield code="a">Developments In Theoretical And Applied Mechanics</subfield><subfield code="v">vol. 5</subfield></datafield><datafield ind1=" " ind2=" " tag="852"><subfield code="a">42029</subfield><subfield code="c">531</subfield></datafield><datafield ind1=" " ind2=" " tag="CAT"><subfield code="a">Sys</subfield><subfield code="c">20100624</subfield><subfield code="h">143459</subfield></datafield></record></collection>